@ARTICLE{RSA,
    author = {R.L. Rivest and A. Shamir and L. Adleman},
    title = {A Method for Obtaining Digital Signatures and Public-Key Cryptosystems},
    journal = {Communications of the ACM},
    year = {1978},
    volume = {21},
    pages = {120--126}
}
@ARTICLE{Directions,
  author={Diffie, W. and Hellman, M.},
  journal={IEEE Transactions on Information Theory}, 
  title={New directions in cryptography}, 
  year={1976},
  volume={22},
  number={6},
  pages={644-654},
  doi={10.1109/TIT.1976.1055638}
}